@mastersthesis{Azad,
  author  = {Saeed Azad},
  title   = {A GAME THEORETIC APPROACH TO A RETAIL ELECTRICITY MARKET WITH A HIGH PENETRATION OF SMALL AND MID-SIZE RENEWABLE SUPPLIERS},
  school  = {ALFRED UNIVERSITY },
  year    = 2016,
  address = {ALFRED, NEW YORK},
  month   = 4,
  note    = {Signature page may be viewed at Scholes Library, New York State College of Ceramics, Alfred University, Alfred, New York.}
}

@article{Basar,
  author  = {Tamer Basar},
  title   = {Lecture Notes on Non-Cooperative Game Theory},
  journal = {unknown},
  year    = {2010}
}

@article{Cheng,
  author  = {L. F. Cheng , T. Yu},
  title   = {Nash equilibrium-based asymptotic stability anal-ysis of multi-group asymmetric evolutionary games in typical scenario ofelectricity market},
  journal = {IEEE Access},
  volume  = {6},
  number  = {4},
  pages   = {32064–32086},
  year    = {2018},
  doi     = {10.1109/ACCESS.2018.2842469.}
}

@book{dirac,
  title     = {The Principles of Quantum Mechanics},
  author    = {Paul Adrien Maurice Dirac},
  isbn      = {9780198520115},
  series    = {International series of monographs on physics},
  year      = {1981},
  publisher = {Clarendon Press},
  keywords  = {physics}
}

@article{einstein,
  author   = {Albert Einstein},
  title    = {{Zur Elektrodynamik bewegter K{\"o}rper}. ({German})
    [{On} the electrodynamics of moving bodies]},
  journal  = {Annalen der Physik},
  volume   = {322},
  number   = {10},
  pages    = {891--921},
  year     = {1905},
  doi      = {http://dx.doi.org/10.1002/andp.19053221004},
  keywords = {physics}
}

@article{Girshick,
  author    = {Blackwell  and  Girshick},
  title     = {Games  in  Normal  Form},
  publisher = {Wiley publications in statistics, New York},
  pages     = {1-24},
  year      = {1954}
}
	
@inbook{knuth-fa,
  author    = {Donald E. Knuth},
  title     = {Fundamental Algorithms},
  publisher = {Addison-Wesley},
  year      = {1973},
  chapter   = {1.2},
  keywords  = {knuth,programming}
}

@online{knuthwebsite,
  author   = {Donald Knuth},
  title    = {Knuth: Computers and Typesetting},
  url      = {http://www-cs-faculty.stanford.edu/~uno/abcde.html},
  addendum = {(accessed: 01.09.2016)},
  keywords = {latex,knuth}
}

@article{Lefeng,
  author    = {Lefeng Cheng. Tao Yu},
  title     = {Game-Theoretic Approaches Applied to Transactions in the Open and Ever-Growing Electricity Markets From the Perspective of Power Demand Response: An Overview},
  journal   = {unknown},
  publisher = {Queen’s University. Morgan \& Claypool},
  year      = {2019}
}

@article{McEachern,
  author    = {Andrew McEachern},
  title     = {Game TheoryA Classical Introduction, Mathematical Games,and the Tournament},
  journal   = {SYNTHESIS LECTURES ON GAMES AND COMPUTATIONALINTELLIGENCE},
  publisher = {Queen’s University. Morgan \& Claypool},
  year      = {2017}
}

@article{Mediwaththe,
  author    = {Mediwaththe Gedara Chathurika Prasadini Mediwaththe.},
  title     = {Game-theoretic Methods for Small-scale Demand-side Management in Smart Grid},
  journal   = {A thesis in fulfillment of the requirements for the degree of Doctor of Philosophy School of Electrical Engineering and Telecommunications Faculty of Engineering.},
  publisher = {The University of New South Wales Australia January},
  year      = {2017}
}

@article{Min,
  author    = {Wang, Min},
  title     = {Mathematical and statistical models in evolutionary game theory},
  publisher = {https://lib.dr.iastate.edu/etd/14449},
  doi       = {14449}
}

@article{Nash1,
  author   = {J. F. Nash, Jr.},
  title    = {The bargaining problem},
  journals = {Econometrica},
  volume   = {18},
  number   = {2},
  pages    = {155–162},
  year     = {1950}
}

@article{Nash2,
  author   = {J. F. Nash, Jr.},
  title    = {Equilibrium points in n-person games},
  journals = {Proc. Nat. Acad.Sci. USA},
  volume   = {36},
  number   = {1},
  pages    = {48–49},
  year     = {1950}
}
@article{Nash3,
  author   = {J. F. Nash, Jr.},
  title    = {Non-cooperative games},
  journals = {Ann. Math.},
  volume   = {54},
  number   = {2},
  pages    = {286–295},
  year     = {1951}
}
@article{Nash4,
  author   = {J. F. Nash, Jr.},
  title    = {Two-person cooperative games},
  journals = {Econometrica},
  volume   = {21},
  number   = {1},
  pages    = {128-140},
  year     = {1953},
  doi      = {10.2307/1906951}
}
@article{Neumann,
  author    = {J. von Neumann and O. Morgenstern},
  title     = {Theory of Games and Economic Behavior},
  publisher = {Princeton, NJ, USA: Princeton Univ. Press},
  year      = {1944}
}

@article{Smith,
  author   = {J. M. Smith and G. R. Price},
  title    = {The logic of animal conflict},
  journals = {Nature},
  volume   = {246},
  number   = {5427},
  pages    = {15-18},
  year     = {1973},
  doi      = {10.1038/246015a0}
}
@article{Taylor,
  author   = {P. D. Taylor and L. B. Jonker},
  title    = {Evolutionary stable strategies and gamedynamics},
  journals = {Math. Biosci.},
  volume   = {40},
  number   = {1-2},
  pages    = {145–156},
  year     = {1978},
  doi      = {10.1016/0025-5564(78)90077-9}
}
@article{Tolwinski,
  author  = {B. Tolwinski},
  title   = {A Stackelberg solution of dynamic games},
  journal = {IIEEE Trans.Autom. Control},
  volume  = {AC-28},
  number  = {4},
  pages   = {85–93},
  year    = {1983}
}

@article{Tushar,
  author  = {Wayes Tushar,Walid Saad,Vincent Poor,David B. Smith},
  title   = {Economics of Electric Vehicle Charging: A GameTheoretic Approach},
  journal = {IEEE TRANSACTIONS ON SMART GRID},
  volume  = {3},
  number  = {4},
  year    = {2012}
}

@article{Tushar2,
  title   = {Transforming Energy Networks via Peer-to-Peer Energy Trading : The potential of game-theoretic approaches},
  author  = {Wayes Tushar, Chau Yuen,  Hamed Mohsenian-Rad},
  doi     = {10.1109/MSP.2018.2818327},
  journal = {IEEE SIGNAL PROCESS},
  year    = {2018}
}

@article{Yu,
  author   = {L. F. Cheng and T. Yu},
  title    = {Exploration and exploitation of new knowledgeemergence to improve the collective intelligent decision-making levelof Web-of-cells with cyber-physical-social systems based on complexnetwork modeling},
  journals = {IEEE Access},
  volume   = {6},
  pages    = {74204–74239},
  year     = {2018},
  doi      = {10.1016/0025-5564(78)90077-9}
}

@book{Zhang,
  title  = {A Review of Game Theory Applications in Transportation Analysis},
  author = {He Zhang,Yuelong Su,Lihui Peng},
  isbn   = {2010152C978-1-4244-8598-7},
  series = {International Conference on Computer and Information Application},
  year   = {2010}
}